@online{module,
  author = {Simon Wells},
  title = {{Teaching SET08122}},
  year = 2018,
  url = {http://www.simonwells.org},
  urldate = {2019-26-03}
}

@online{game,
  author = {Louis Boursier},
  title = {{Chess Game}},
  year = 2017,
  url = {https://www.youtube.com/watch?v=_Nh29PMHyBc},
  urldate = {2019-26-03}
}